% This file was created with JabRef 2.9.2.
% Encoding: Cp1252

@ARTICLE{csekerciouglu2004ecosystem,
  author = {{\c{S}}ekercio{\u{g}}lu, {\c{C}}a{\u{g}}an H and Daily, Gretchen
	C and Ehrlich, Paul R},
  title = {Ecosystem consequences of bird declines},
  journal = {Proceedings of the National Academy of Sciences},
  year = {2004},
  volume = {101},
  pages = {18042--18047},
  number = {52},
  publisher = {National Acad Sciences}
}

@BOOK{acocks1988veld,
  title = {Veld types of South Africa.},
  year = {1988},
  author = {Acocks, John Phillip Harison},
  number = {57, Ed. 3}
}

@ARTICLE{bamford2007ranging,
  author = {Bamford, Andrew J and Diekmann, Maria and Monadjem, Ara and Mendelsohn,
	John},
  title = {Ranging behaviour of Cape Vultures \textit{Gyps coprotheres} from
	an endangered population in Namibia},
  journal = {Bird Conservation International},
  year = {2007},
  volume = {17},
  pages = {331--339},
  number = {04},
  publisher = {Cambridge Univ Press}
}

@ARTICLE{bamford2010associations,
  author = {Bamford, Andrew J and Monadjem, Ara and Hardy, Ian CW},
  title = {Associations of avian facial flushing and skin colouration with agonistic
	interaction outcomes},
  journal = {Ethology},
  year = {2010},
  volume = {116},
  pages = {1163--1170},
  number = {12},
  publisher = {Wiley Online Library}
}

@ARTICLE{barta1998effect,
  author = {Barta, Zolt{\'a}n and Giraldeau, Luc-Alain},
  title = {The effect of dominance hierarchy on the use of alternative foraging
	tactics: a phenotype-limited producing-scrounging game},
  journal = {Behavioral Ecology and Sociobiology},
  year = {1998},
  volume = {42},
  pages = {217--223},
  number = {3},
  publisher = {Springer}
}

@ARTICLE{barton2013role,
  author = {Barton, Philip S and Cunningham, Saul A and Lindenmayer, David B
	and Manning, Adrian D},
  title = {The role of carrion in maintaining biodiversity and ecological processes
	in terrestrial ecosystems},
  journal = {Oecologia},
  year = {2013},
  volume = {171},
  pages = {761--772},
  number = {4},
  publisher = {Springer}
}

@ARTICLE{bates2012estimating,
  author = {Bates, KT and Falkingham, PL},
  title = {Estimating maximum bite performance in \textit{Tyrannosaurus rex}
	using multi-body dynamics},
  journal = {Biology Letters},
  year = {2012},
  volume = {8},
  pages = {660-664},
  publisher = {The Royal Society}
}

@ARTICLE{bissett2007habitat,
  author = {Bissett, C and Bernard, RTF},
  title = {Habitat selection and feeding ecology of the cheetah (\textit{Acinonyx jubatus})
	in thicket vegetation: is the cheetah a savanna specialist?},
  journal = {Journal of Zoology},
  year = {2007},
  volume = {271},
  pages = {310--317},
  number = {3},
  publisher = {Wiley Online Library}
}

@ARTICLE{bond2001introduction,
  author = {Bond, William J and Loffell, Debbie},
  title = {Introduction of giraffe changes acacia distribution in a South African
	savanna},
  journal = {African Journal of Ecology},
  year = {2001},
  volume = {39},
  pages = {286--294},
  number = {3},
  publisher = {Wiley Online Library}
}

@BOOK{box1987empirical,
  title = {Empirical model-building and response surfaces.},
  publisher = {John Wiley \& Sons},
  year = {1987},
  author = {Box, George EP and Draper, Norman R}
}

@ARTICLE{brandt2008breeding,
  author = {Brandt, Miriam J and Cresswell, Will},
  title = {Breeding behaviour, home range and habitat selection in Rock Firefinches
	\textit{Lagonosticta sanguinodorsalis} in the wet and dry season
	in central Nigeria},
  journal = {Ibis},
  year = {2008},
  volume = {150},
  pages = {495--507},
  number = {3},
  publisher = {Wiley Online Library}
}

@ARTICLE{britton1994marine,
  author = {Britton, Joseph C and Morton, Brian},
  title = {Marine carrion and scavengers},
  journal = {Oceanography and Marine Biology: an annual review},
  year = {1994},
  volume = {32},
  pages = {369--434}
}

@ARTICLE{brown1991declining,
  author = {Brown, CJ},
  title = {Declining martial \textit{Polemaetus bellicosus} and tawny \textit{Aquila
	rapax} eagle populations and causes of mortality on farmlands in
	central Namibia},
  journal = {Biological Conservation},
  year = {1991},
  volume = {56},
  pages = {49--62},
  number = {1},
  publisher = {Elsevier}
}

@PHDTHESIS{brown1989study,
  author = {Brown, Christopher Justin},
  title = {A study of the Bearded Vulture \textit{Gypaetus barbatus} in southern
	Africa},
  school = {University of Natal (Pietermaritzburg)},
  year = {1989}
}

@ARTICLE{brusatte2010tyrannosaur,
  author = {Brusatte, Stephen L and Norell, Mark A and Carr, Thomas D and Erickson,
	Gregory M and Hutchinson, John R and Balanoff, Amy M and Bever, Gabe
	S and Choiniere, Jonah N and Makovicky, Peter J and Xu, Xing},
  title = {Tyrannosaur paleobiology: new research on ancient exemplar organisms},
  journal = {Science},
  year = {2010},
  volume = {329},
  pages = {1481--1485},
  number = {5998},
  publisher = {American Association for the Advancement of Science}
}

@ARTICLE{buenestado2008habitat,
  author = {Buenestado, FJ and Ferreras, P and Delibes-Mateos, M and Tortosa,
	FS and Blanco-Aguiar, JA, Villafuerte, R},
  title = {Habitat selection and home range size of red-legged partridges in
	Spain},
  journal = {Agriculture, Ecosystems \& Environment},
  year = {2008},
  volume = {126},
  pages = {158--162},
  number = {3},
  publisher = {Elsevier}
}

@ARTICLE{burt1943territoriality,
  author = {Burt, William Henry},
  title = {Territoriality and home range concepts as applied to mammals},
  journal = {Journal of Mammalogy},
  year = {1943},
  volume = {24},
  pages = {346--352},
  number = {3},
  publisher = {JSTOR}
}

@BOOK{calder1996size,
  title = {Size, function, and life history},
  publisher = {Courier Dover Publications},
  year = {1996},
  author = {Calder, William A}
}

@ARTICLE{calenge2013adehabitathr,
  author = {Calenge, C and Fortmann-Roe, S},
  title = {adehabitatHR: home range estimation},
  journal = {R package version 0.4},
  year = {2013},
  volume = {7}
}

@ARTICLE{camina2006griffon,
  author = {Cami{\~n}a, Alvaro and Montel{\'\i}o, Eugenio},
  title = {Griffon vulture \textit{Gyps fulvus} food shortages in the Ebro Valley
	(\MakeUppercase{NE S}pain) caused by regulations against Bovine Spongiform
	Encephalopathy (BSE)},
  journal = {Acta Ornithologica},
  year = {2006},
  volume = {41},
  pages = {7--13},
  number = {1},
  publisher = {BioOne}
}

@ARTICLE{carbone2011intra,
  author = {Carbone, Chris and Turvey, Samuel T and Bielby, Jon},
  title = {Intra-guild competition and its implications for one of the biggest
	terrestrial predators, \textit{Tyrannosaurus rex}},
  journal = {Proceedings of the Royal Society B: Biological Sciences},
  year = {2011},
  volume = {278},
  pages = {2682-2690},
  publisher = {The Royal Society}
}

@ARTICLE{carr2004diversity,
  author = {Carr, Thomas D and Williamson, Thomas E},
  title = {Diversity of late Maastrichtian Tyrannosauridae (Dinosauria: Theropoda)
	from western North America},
  journal = {Zoological Journal of the Linnean Society},
  year = {2004},
  volume = {142},
  pages = {479--523},
  number = {4},
  publisher = {Wiley Online Library}
}

@ARTICLE{chin2003remarkable,
  author = {Chin, Karen and Eberth, David A and Schweitzer, Mary H and Rando,
	Thomas A and Sloboda, Wendy J and Horner, John R},
  title = {Remarkable preservation of undigested muscle tissue within a Late
	Cretaceous tyrannosaurid coprolite from Alberta, Canada},
  journal = {Palaios},
  year = {2003},
  volume = {18},
  pages = {286--294},
  number = {3},
  publisher = {SEPM}
}

@ARTICLE{colomer2013population,
  author = {Colomer, Maria {\`A}ngels and Margalida, Antoni and P{\'e}rez-Jim{\'e}nez,
	Mario J},
  title = {Population dynamics p system (pdp) models: A standardized protocol
	for describing and applying novel bio-inspired computing tools},
  journal = {PLOS ONE},
  year = {2013},
  volume = {8},
  pages = {e60698},
  number = {4},
  publisher = {Public Library of Science}
}

@ARTICLE{colomer2011bio,
  author = {Colomer, M and Margalida, Antoni and Sanuy, Delf{\'\i} and P{\'e}rez-Jim{\'e}nez,
	Mario J},
  title = {A bio-inspired computing model as a new tool for modeling ecosystems:
	the avian scavengers as a case study},
  journal = {Ecological Modelling},
  year = {2011},
  volume = {222},
  pages = {33--47},
  number = {1},
  publisher = {Elsevier}
}

@ARTICLE{cone1962thermal,
  author = {Cone, Clarence D},
  title = {Thermal soaring of birds},
  journal = {American Scientist},
  year = {1962},
  volume = {50},
  pages = {180--209},
  number = {1},
  publisher = {JSTOR}
}

@ARTICLE{cooper1988foliage,
  author = {Cooper, Susan M and Owen-Smith, Norman and Bryant, John P},
  title = {Foliage acceptability to browsing ruminants in relation to seasonal
	changes in the leaf chemistry of woody plants in a South African
	savanna},
  journal = {Oecologia},
  year = {1988},
  volume = {75},
  pages = {336--342},
  number = {3},
  publisher = {Springer}
}

@ARTICLE{cortes2012resource,
  author = {Cort{\'e}s-Avizanda, Ainara and Jovani, Roger and Carrete, Martina
	and Don{\'a}zar, Jos{\'e} A},
  title = {Resource unpredictability promotes species diversity and coexistence
	in an avian scavenger guild: a field experiment},
  journal = {Ecology},
  year = {2012},
  volume = {93},
  pages = {2570--2579},
  number = {12},
  publisher = {Eco Soc America}
}

@ARTICLE{cortes2014bird,
  author = {Cort{\'e}s-Avizanda, Ainara and Jovani, Roger and Don{\'a}zar, Jos{\'e}
	Antonio and Grimm, Volker},
  title = {Bird sky networks: How do avian scavengers use social information
	to find carrion?},
  journal = {Ecology},
  year = {2014},
  volume = {95},
  pages = {1799--1808},
  number = {7},
  publisher = {Eco Soc America}
}

@ARTICLE{couzin2009collective,
  author = {Couzin, Iain D},
  title = {Collective cognition in animal groups},
  journal = {Trends in Cognitive Sciences},
  year = {2009},
  volume = {13},
  pages = {36--43},
  number = {1},
  publisher = {Elsevier}
}

@BOOK{curio1976ethology,
  title = {Ethology of predation},
  publisher = {Springer},
  year = {1976},
  author = {Curio, Eberhard}
}

@ARTICLE{dall2005information,
  author = {Dall, Sasha RX and Giraldeau, Luc-Alain and Olsson, Ola and McNamara,
	John M and Stephens, David W},
  title = {Information and its use by animals in evolutionary ecology},
  journal = {Trends in Ecology \& Evolution},
  year = {2005},
  volume = {20},
  pages = {187--193},
  number = {4},
  publisher = {Elsevier}
}

@BOOK{danchin2008behavioural,
  title = {Behavioural Ecology},
  publisher = {Oxford University Press Oxford},
  year = {2008},
  author = {Danchin, {\'E}tienne and Giraldeau, Luc-Alain and C{\'e}zilly, Frank},
  volume = {610}
}

@ARTICLE{danchin2004public,
  author = {Danchin, Etienne and Giraldeau, Luc-Alain and Valone, Thomas J and
	Wagner, Richard H},
  title = {Public information: from nosy neighbors to cultural evolution},
  journal = {Science},
  year = {2004},
  volume = {305},
  pages = {487--491},
  number = {5683},
  publisher = {American Association for the Advancement of Science}
}

@ARTICLE{de2009database,
  author = {De Magalhaes, JP and Costa, J},
  title = {A database of vertebrate longevity records and their relation to
	other life-history traits},
  journal = {Journal of Evolutionary Biology},
  year = {2009},
  volume = {22},
  pages = {1770--1774},
  number = {8},
  publisher = {Wiley Online Library}
}

@ARTICLE{depalma2013physical,
  author = {DePalma, Robert A and Burnham, David A and Martin, Larry D and Rothschild,
	Bruce M and Larson, Peter L},
  title = {Physical evidence of predatory behavior in \textit{Tyrannosaurus
	rex}},
  journal = {Proceedings of the National Academy of Sciences},
  year = {2013},
  volume = {110},
  pages = {12560--12564},
  number = {31},
  publisher = {National Acad Sciences}
}

@ARTICLE{jackson2011evolutionary,
  author = {Dermody, Brian and Jackson, Andrew and Tanner, Colby},
  title = {The evolutionary pathway to obligate scavenging in \textit{Gyps}
	vultures},
  journal = {PLOS ONE},
  year = {2011},
  volume = {6},
  pages = {e24635},
  number = {9}
}

@ARTICLE{devault2003scavenging,
  author = {DeVault, Travis L and Rhodes Jr, Olin E and Shivik, John A},
  title = {Scavenging by vertebrates: behavioral, ecological, and evolutionary
	perspectives on an important energy transfer pathway in terrestrial
	ecosystems},
  journal = {Oikos},
  year = {2003},
  volume = {102},
  pages = {225--234},
  number = {2},
  publisher = {Wiley Online Library}
}

@ARTICLE{deygout2010impact,
  author = {Deygout, Chlo{\'e} and Gault, Agn{\`e}s and Duriez, Olivier and Sarrazin,
	Fran{\c{c}}ois and Bessa-Gomes, Carmen},
  title = {Impact of food predictability on social facilitation by foraging
	scavengers},
  journal = {Behavioral Ecology},
  year = {2010},
  volume = {21},
  pages = {1131--1139},
  number = {6},
  publisher = {ISBE}
}

@ARTICLE{diekmann2004capture,
  author = {Diekmann, Maria and Scott, Ann and Scott, Mike and Diekmann, J{\"o}rg},
  title = {Capture and fitting of satellite-and radio-telemetry equipment onto
	Cape Griffon vulture \textit{Gyps coprotheres}, African white-backed
	vulture \textit{Gyps africanus} and Lappet-faced vulture \textit{Torgos
	tracheliotos} in the \MakeUppercase{W}aterberg area, \MakeUppercase{N}amibia
	in 2004},
  journal = {Vulture News},
  year = {2004},
  volume = {51},
  pages = {34--45}
}

@ARTICLE{donazar2002effects,
  author = {Don{\'a}zar, Jos{\'e} A and Blanco, Guillermo and Hiraldo, Fernando
	and Soto-Largo, Eduardo and Oria, Javier},
  title = {Effects of forestry and other land-use practices on the conservation
	of cinereous vultures},
  journal = {Ecological Applications},
  year = {2002},
  volume = {12},
  pages = {1445--1456},
  number = {5},
  publisher = {Eco Soc America}
}

@ARTICLE{donazar1996communal,
  author = {Don{\'a}zar, Jos{\'e} A and Ceballos, Olga and Tella, Jos{\'e} L},
  title = {Communal roost of Egyptian vultures (\textit{Neophron percnopterus}):
	dynamics and implications for the species conservation},
  journal = {Biology and Conservation of Mediterranean Raptors. Monograph},
  year = {1996},
  volume = {4},
  pages = {189--202}
}

@ARTICLE{dreitz2005movements,
  author = {Dreitz, Victoria J and Wunder, Michael B and Knopf, Fritz L},
  title = {Movements and home ranges of Mountain Plovers raising broods in three
	Colorado landscapes},
  journal = {The Wilson Bulletin},
  year = {2005},
  volume = {117},
  pages = {128--132},
  number = {2},
  publisher = {BioOne}
}

@ARTICLE{duriez2012intra,
  author = {Duriez, Olivier and Herman, Sophie and Sarrazin, Fran{\c{c}}ois},
  title = {Intra-specific competition in foraging Griffon Vultures \textit{Gyps
	fulvus}: 2. The influence of supplementary feeding management},
  journal = {Bird Study},
  year = {2012},
  volume = {59},
  pages = {193--206},
  number = {2},
  publisher = {Taylor \& Francis}
}

@PHDTHESIS{dwyer2010ecology,
  author = {Dwyer, James Fitzgerald},
  title = {Ecology of non-breeding and breeding Crested Caracaras (\textit{Caracara
	cheriway}) in Florida},
  school = {Virginia Polytechnic Institute and State University},
  year = {2010}
}

@ARTICLE{elbroch2013nuisance,
  author = {Elbroch, L Mark and Wittmer, Heiko U},
  title = {Nuisance ecology: do scavenging condors exact foraging costs on pumas
	in Patagonia?},
  journal = {PLOS ONE},
  year = {2013},
  volume = {8},
  pages = {e53595},
  number = {1},
  publisher = {Public Library of Science}
}

@ARTICLE{elchuk2003home,
  author = {Elchuk, CL and Wiebe, KL},
  title = {Home-range size of northern flickers (\textit{Colaptes auratus})
	in relation to habitat and parental attributes},
  journal = {Canadian Journal of Zoology},
  year = {2003},
  volume = {81},
  pages = {954--961},
  number = {6},
  publisher = {NRC Research Press}
}

@INPROCEEDINGS{farlow1994wear,
  author = {Farlow, JO and Brinkman, DL},
  title = {Wear surfaces on the teeth of tyrannosaurs},
  booktitle = {Dino Fest; Proceedings of a Conference for the General Public.
	Palaeontological Society Special Publications},
  year = {1994},
  volume = {7},
  pages = {165--175}
}

@ARTICLE{farlow2002body,
  author = {Farlow, James O and Planka, Eric R},
  title = {Body size overlap, habitat partitioning and living space requirements
	of terrestrial vertebrate predators: implications for the paleoecology
	of large theropod dinosaurs},
  journal = {Historical Biology},
  year = {2002},
  volume = {16},
  pages = {21--40},
  number = {1},
  publisher = {Taylor \& Francis}
}

@PHDTHESIS{fearer1999relationship,
  author = {Fearer, Todd M},
  title = {Relationship of ruffed grouse home range size and movement to landscape
	characteristics in southwestern Virginia},
  school = {Virginia Polytechnic Institute and State University},
  year = {1999}
}

@ARTICLE{fedriani2000competition,
  author = {Fedriani, Jose M and Fuller, Todd K and Sauvajot, Raymond M and York,
	Eric C},
  title = {Competition and intraguild predation among three sympatric carnivores},
  journal = {Oecologia},
  year = {2000},
  volume = {125},
  pages = {258--270},
  number = {2},
  publisher = {Springer}
}

@BOOK{ferguson2001raptors,
  title = {Raptors of the world},
  publisher = {Houghton Mifflin Harcourt},
  year = {2001},
  author = {Ferguson-Lees, James and Christie, David A}
}

@ARTICLE{forsman2009experimental,
  author = {Forsman, Jukka T and Hjernquist, M{\aa}rten B and Gustafsson, Lars},
  title = {Experimental evidence for the use of density based interspecific
	social information in forest birds},
  journal = {Ecography},
  year = {2009},
  volume = {32},
  pages = {539--545},
  number = {3},
  publisher = {Wiley Online Library}
}

@ARTICLE{garcia2011ranging,
  author = {Garc{\'\i}a-Ripoll{\'e}s, Clara and L{\'o}pez-L{\'o}pez, Pascual
	and Urios, Vicente},
  title = {Ranging behaviour of non-breeding Eurasian Griffon Vultures \textit{Gyps
	fulvus}: a GPS-telemetry study},
  journal = {Acta Ornithologica},
  year = {2011},
  volume = {46},
  pages = {127--134},
  number = {2},
  publisher = {BioOne}
}

@ARTICLE{garza2005home,
  author = {Garza, Vicente and Su{\'a}rez, Francisco and Herranz, Jes{\'u}s and
	Traba, Juan and De la Morena, Eladio L GARC{\'I}A and Morales, Manuel
	B and Gonz{\'a}lez, Ra{\'u}l and Casta{\~n}eda, Mar{\'\i}a},
  title = {Home range, territoriality and habitat selection by the Dupont's
	lark \textit{Chersophilus duponti} during the breeding and post-breeding
	periods},
  journal = {Ardeola},
  year = {2005},
  volume = {52},
  pages = {133--146},
  number = {1}
}

@ARTICLE{giesen1992winter,
  author = {Giesen, Kenneth M and Braun, Clait E},
  title = {Winter home range and habitat characteristics of white-tailed ptarmigan
	in Colorado},
  journal = {The Wilson Bulletin},
  year = {1992},
  volume = {104},
  pages = {263--272},
  number = {2},
  publisher = {JSTOR}
}

@ARTICLE{gilbert2005behaviour,
  author = {Gilbert, Gillian and Tyler, Glen and Smith, Ken W},
  title = {Behaviour, home-range size and habitat use by male Great Bittern
	\textit{Botaurus stellaris} in Britain},
  journal = {Ibis},
  year = {2005},
  volume = {147},
  pages = {533--543},
  number = {3},
  publisher = {Wiley Online Library}
}

@ARTICLE{gilbert2007vulture,
  author = {Gilbert, Martin and Watson, Richard T and Ahmed, Shakeel and Asim,
	Muhammad and Johnson, Jeff A},
  title = {Vulture restaurants and their role in reducing diclofenac exposure
	in Asian vultures},
  journal = {Bird Conservation International},
  year = {2007},
  volume = {17},
  pages = {63--77},
  number = {01},
  publisher = {Cambridge Univ Press}
}

@ARTICLE{grady2014evidence,
  author = {Grady, John M and Enquist, Brian J and Dettweiler-Robinson, Eva and
	Wright, Natalie A and Smith, Felisa A},
  title = {Evidence for mesothermy in dinosaurs},
  journal = {Science},
  year = {2014},
  volume = {344},
  pages = {1268--1272},
  number = {6189},
  publisher = {American Association for the Advancement of Science}
}

@ARTICLE{green2004diclofenac,
  author = {Green, Rhys E and Newton, IAN and Shultz, Susanne and Cunningham,
	Andrew A and Gilbert, Martin and Pain, Deborah J and Prakash, Vibhu},
  title = {Diclofenac poisoning as a cause of vulture population declines across
	the Indian subcontinent},
  journal = {Journal of Applied Ecology},
  year = {2004},
  volume = {41},
  pages = {793--800},
  number = {5},
  publisher = {Wiley Online Library}
}

@ARTICLE{handegard2012dynamics,
  author = {Handegard, Nils Olav and Boswell, Kevin M and Ioannou, Christos C
	and Leblanc, Simon P and Tj{\o}stheim, Dag B and Couzin, Iain D},
  title = {The dynamics of coordinated group hunting and collective information
	transfer among schooling prey},
  journal = {Current Biology},
  year = {2012},
  volume = {22},
  pages = {1213--1217},
  number = {13},
  publisher = {Elsevier}
}

@ARTICLE{hansbauer2008comparative,
  author = {Hansbauer, Miriam M and Storch, Ilse and Pimentel, Rafael G and Metzger,
	Jean Paul},
  title = {Comparative range use by three Atlantic Forest understorey bird species
	in relation to forest fragmentation},
  journal = {Journal of Tropical Ecology},
  year = {2008},
  volume = {24},
  pages = {291--299},
  number = {03},
  publisher = {Cambridge Univ Press}
}

@ARTICLE{haskell2002fractal,
  author = {Haskell, John P and Ritchie, Mark E and Olff, Han},
  title = {Fractal geometry predicts varying body size scaling relationships
	for mammal and bird home ranges},
  journal = {Nature},
  year = {2002},
  volume = {418},
  pages = {527--530},
  number = {6897},
  publisher = {Nature Publishing Group}
}

@ARTICLE{hedenstrom1993migration,
  author = {Hedenstrom, Anders},
  title = {Migration by soaring or flapping flight in birds: the relative importance
	of energy cost and speed},
  journal = {Philosophical Transactions of the Royal Society of London. Series
	B: Biological Sciences},
  year = {1993},
  volume = {342},
  pages = {353--361},
  number = {1302},
  publisher = {The Royal Society}
}

@ARTICLE{henderson2004tyrannosaurus,
  author = {Henderson, Donald M and Snively, Eric},
  title = {Tyrannosaurus en pointe: allometry minimized rotational inertia of
	large carnivorous dinosaurs},
  journal = {Proceedings of the Royal Society of London. Series B: Biological
	Sciences},
  year = {2004},
  volume = {271},
  pages = {S57--S60},
  number = {Suppl 3},
  publisher = {The Royal Society}
}

@ARTICLE{hirai2002ontogenetic,
  author = {Hirai, Toshiaki},
  title = {Ontogenetic change in the diet of the pond frog, \textit{Rana nigromaculata}},
  journal = {Ecological Research},
  year = {2002},
  volume = {17},
  pages = {639--644},
  number = {6},
  publisher = {Wiley Online Library}
}

@ARTICLE{hofbauer2003evolutionary,
  author = {Hofbauer, Josef and Sigmund, Karl},
  title = {Evolutionary game dynamics},
  journal = {Bulletin of the American Mathematical Society},
  year = {2003},
  volume = {40},
  pages = {479--519},
  number = {4}
}

@ARTICLE{hoffman1991spring,
  author = {Hoffman, Richard W},
  title = {Spring movements, roosting activities, and home-range characteristics
	of male Merriam's wild turkey},
  journal = {The Southwestern Naturalist},
  year = {1991},
  volume = {36},
  pages = {332--337},
  number = {3},
  publisher = {JSTOR}
}

@ARTICLE{holbrook2011home,
  author = {Holbrook, Kimberly M},
  title = {Home range and movement patterns of toucans: implications for seed
	dispersal},
  journal = {Biotropica},
  year = {2011},
  volume = {43},
  pages = {357--364},
  number = {3},
  publisher = {Wiley Online Library}
}

@ARTICLE{hone2010feeding,
  author = {Hone, David WE and Rauhut, Oliver WM},
  title = {Feeding behaviour and bone utilization by theropod dinosaurs},
  journal = {Lethaia},
  year = {2010},
  volume = {43},
  pages = {232--244},
  number = {2},
  publisher = {Wiley Online Library}
}

@ARTICLE{horner1994steak,
  author = {Horner, JR},
  title = {Steak knives, beady eyes, and tiny little arms (a portrait of \textit{T.
	rex} as a scavenger)},
  journal = {Dino Fest. Paleontological Society Special Publication},
  year = {1994},
  volume = {7},
  pages = {157--164}
}

@ARTICLE{horner2011dinosaur,
  author = {Horner, John R and Goodwin, Mark B and Myhrvold, Nathan},
  title = {Dinosaur census reveals abundant \textit{Tyrannosaurus} and rare
	ontogenetic stages in the Upper Cretaceous Hell Creek Formation (Maastrichtian),
	Montana, USA},
  journal = {PLOS ONE},
  year = {2011},
  volume = {6},
  pages = {e16574},
  number = {2},
  publisher = {Public Library of Science}
}

@BOOK{horner1993complete,
  title = {The complete T. rex},
  publisher = {Simon \& Schuster},
  year = {1993},
  author = {Horner, John R and Lessem, Don}
}

@ARTICLE{houston1976breeding,
  author = {Houston, DC},
  title = {Breeding of the White-backed and R{\"u}ppell's griffon vultures,
	\textit{Gyps africanus} and \textit{G. rueppellii}},
  journal = {Ibis},
  year = {1976},
  volume = {118},
  pages = {14--40},
  number = {1},
  publisher = {Wiley Online Library}
}

@ARTICLE{houston1975ecological,
  author = {Houston, DC},
  title = {Ecological isolation of African scavenging birds},
  journal = {Ardea},
  year = {1975},
  volume = {63},
  pages = {55--64}
}

@ARTICLE{houston1974food,
  author = {Houston, DC},
  title = {Food searching in griffon vultures},
  journal = {African Journal of Ecology},
  year = {1974},
  volume = {12},
  pages = {63--77},
  number = {1},
  publisher = {Wiley Online Library}
}

@BOOK{houston2001condors,
  title = {Condors and vultures},
  publisher = {Voyageur Press},
  year = {2001},
  author = {Houston, David C},
  volume = {68}
}

@ARTICLE{houston1975digestive,
  author = {Houston, David C and Cooper, JE},
  title = {The digestive tract of the whiteback griffon vulture and its role
	in disease transmission among wild ungulates},
  journal = {Journal of Wildlife Diseases},
  year = {1975},
  volume = {11},
  pages = {306--313},
  number = {3},
  publisher = {Wildlife Dis Assoc}
}

@ARTICLE{howland2004allometry,
  author = {Howland, Howard C and Merola, Stacey and Basarab, Jennifer R},
  title = {The allometry and scaling of the size of vertebrate eyes},
  journal = {Vision research},
  year = {2004},
  volume = {44},
  pages = {2043--2065},
  number = {17},
  publisher = {Elsevier}
}

@ARTICLE{jackson2008effect,
  author = {Jackson, Andrew L and Ruxton, Graeme D and Houston, David C},
  title = {The effect of social facilitation on foraging success in vultures:
	a modelling study},
  journal = {Biology Letters},
  year = {2008},
  volume = {4},
  pages = {311--313},
  number = {3},
  publisher = {The Royal Society}
}

@ARTICLE{jones2009pantheria,
  author = {Jones, Kate E and Bielby, Jon and Cardillo, Marcel and Fritz, Susanne
	A and O'Dell, Justin and Orme, C David L and Safi, Kamran and Sechrest,
	Wes and Boakes, Elizabeth H and Carbone, Chris and others},
  title = {PanTHERIA: a species-level database of life history, ecology, and
	geography of extant and recently extinct mammals: Ecological Archives
	E090-184},
  journal = {Ecology},
  year = {2009},
  volume = {90},
  pages = {2648--2648},
  number = {9},
  publisher = {Eco Soc America}
}

@ARTICLE{kefi2012more,
  author = {K{\'e}fi, Sonia and Berlow, Eric L and Wieters, Evie A and Navarrete,
	Sergio A and Petchey, Owen L and Wood, Spencer A and Boit, Alice
	and Joppa, Lucas N and Lafferty, Kevin D and Williams, Richard J
	and others},
  title = {More than a meal... integrating non-feeding interactions into food
	webs},
  journal = {Ecology letters},
  year = {2012},
  volume = {15},
  pages = {291--300},
  number = {4},
  publisher = {Wiley Online Library}
}

@ARTICLE{kendall2013alternative,
  author = {Kendall, Corinne J},
  title = {Alternative strategies in avian scavengers: how subordinate species
	foil the despotic distribution},
  journal = {Behavioral Ecology and Sociobiology},
  year = {2013},
  volume = {67},
  pages = {383--393},
  number = {3},
  publisher = {Springer}
}

@ARTICLE{knoff2008ontogenetic,
  author = {Knoff, Amanda and Hohn, Aleta and Macko, Stephen},
  title = {Ontogenetic diet changes in bottlenose dolphins (\textit{Tursiops
	truncatus}) reflected through stable isotopes},
  journal = {Marine Mammal Science},
  year = {2008},
  volume = {24},
  pages = {128--137},
  number = {1},
  publisher = {Wiley Online Library}
}

@ARTICLE{manga2006vulture,
  author = {Koenig, Robert},
  title = {Vulture research soars as the scavengers' numbers decline},
  journal = {Science},
  year = {2006},
  volume = {312}
}

@ARTICLE{kruger2014trends,
  author = {Kr{\"u}ger, Sonja C and Allan, David G and Jenkins, Andrew R and
	Amar, Arjun},
  title = {Trends in territory occupancy, distribution and density of the Bearded
	Vulture \textit{Gypaetus barbatus meridionalis} in southern Africa},
  journal = {Bird Conservation International},
  year = {2014},
  volume = {24},
  pages = {162--177},
  number = {02},
  publisher = {Cambridge Univ Press}
}

@ARTICLE{krauss2013biomechanics,
  author = {Krauss, David A and Robinson, John M},
  title = {The Biomechanics of a Plausible Hunting Strategy for \textit{Tyrannosaurus
	rex}},
  journal = {Tyrannosaurid Paleobiology},
  year = {2013},
  pages = {251--265},
  publisher = {Indiana University Press}
}

@ARTICLE{kruuk1967competition,
  author = {Kruuk, H},
  title = {Competition for food between vultures in East Africa},
  journal = {Ardea},
  year = {1967},
  volume = {55},
  pages = {171-193},
  number = {3-4},
  publisher = {NEDERLANDSE ORNITHOLOGISCHE UNIE C/O PAUL STARMANS, OUDE ARNHEMSEWEG
	261, 3705 BD ZEIST, NETHERLANDS}
}

@ARTICLE{lambertucci2014apex,
  author = {Lambertucci, Sergio A and Alarc{\'o}n, Pablo AE and Hiraldo, Fernando
	and Sanchez-Zapata, Jos{\'e} A and Blanco, Guillermo and Don{\'a}zar,
	Jos{\'e} A},
  title = {Apex scavenger movements call for transboundary conservation policies},
  journal = {Biological Conservation},
  year = {2014},
  volume = {170},
  pages = {145--150},
  publisher = {Elsevier}
}

@ARTICLE{legagneux2009variation,
  author = {Legagneux, Pierre and Blaize, Christine and Latraube, Franck and
	Gautier, J{\'e}r{\^o}me and Bretagnolle, Vincent},
  title = {Variation in home-range size and movements of wintering dabbling
	ducks},
  journal = {Journal of Ornithology},
  year = {2009},
  volume = {150},
  pages = {183--193},
  number = {1},
  publisher = {Springer}
}

@ARTICLE{longrich2010cannibalism,
  author = {Longrich, Nicholas R and Horner, John R and Erickson, Gregory M and
	Currie, Philip J},
  title = {Cannibalism in \textit{Tyrannosaurus rex}},
  journal = {PLOS ONE},
  year = {2010},
  volume = {5},
  pages = {e13419},
  number = {10},
  publisher = {Public Library of Science}
}

@ARTICLE{margalida2008bearded,
  author = {Margalida, Antoni},
  title = {Bearded vultures (\textit{Gypaetus barbatus}) prefer fatty bones},
  journal = {Behavioral Ecology and Sociobiology},
  year = {2008},
  volume = {63},
  pages = {187--193},
  number = {2},
  publisher = {Springer}
}

@ARTICLE{margalida2013uneven,
  author = {Margalida, Antoni and Carrete, Martina and Hegglin, Daniel and Serrano,
	David and Arenas, Rafael and Don{\'a}zar, Jos{\'e} A},
  title = {Uneven large-scale movement patterns in wild and reintroduced pre-adult
	bearded vultures: conservation implications},
  journal = {PLOS ONE},
  year = {2013},
  volume = {8},
  pages = {e65857},
  number = {6},
  publisher = {Public Library of Science}
}

@ARTICLE{margalida2012modelling,
  author = {Margalida, Antoni and Colomer, Ma {\`A}ngels},
  title = {Modelling the effects of sanitary policies on European vulture conservation},
  journal = {Scientific reports},
  year = {2012},
  volume = {2},
  number = {753}
  publisher = {Nature Publishing Group}
}

@ARTICLE{margalida2014man,
  author = {Margalida, Antoni and Colomer, Ma {\`A}ngels and Oro, Daniel},
  title = {Man-induced activities modify demographic parameters in a long-lived
	species: effects of poisoning and health policies},
  journal = {Ecological Applications},
  year = {2014},
  volume = {24},
  pages = {436--444},
  number = {3},
  publisher = {Eco Soc America}
}

@ARTICLE{margalida2011can,
  author = {Margalida, Antoni and Colomer, Ma {\`A}ngels and Sanuy, Delf{\'\i}},
  title = {Can wild ungulate carcasses provide enough biomass to maintain avian
	scavenger populations? An empirical assessment using a bio-inspired
	computational model},
  journal = {PLOS ONE},
  year = {2011},
  volume = {6},
  pages = {e20248},
  number = {5},
  publisher = {Public Library of Science}
}

@ARTICLE{margalida2010sanitary,
  author = {Margalida, Antoni and Donazar, Jose A and Carrete, Martina and S{\'a}nchez-Zapata,
	Jos{\'e} A},
  title = {Sanitary versus environmental policies: fitting together two pieces
	of the puzzle of European vulture conservation},
  journal = {Journal of Applied Ecology},
  year = {2010},
  volume = {47},
  pages = {931--935},
  number = {4},
  publisher = {Wiley Online Library}
}

@ARTICLE{markandya2008counting,
  author = {Markandya, Anil and Taylor, Tim and Longo, Alberto and Murty, MN
	and Murty, Sucheta and Dhavala, K},
  title = {Counting the cost of vulture decline - An appraisal of the human
	health and other benefits of vultures in India},
  journal = {Ecological Economics},
  year = {2008},
  volume = {67},
  pages = {194--204},
  number = {2},
  publisher = {Elsevier}
}

@ARTICLE{marshall2012ontogenetic,
  author = {Marshall, Christopher D and Guzman, Alejandra and Narazaki, Tomoko
	and Sato, Katsufumi and Kane, Emily A and Sterba-Boatwright, Blair
	D},
  title = {The ontogenetic scaling of bite force and head size in loggerhead
	sea turtles (\textit{Caretta caretta}): implications for durophagy
	in neritic, benthic habitats},
  journal = {The Journal of Experimental Biology},
  year = {2012},
  volume = {215},
  pages = {4166--4174},
  number = {23},
  publisher = {The Company of Biologists Ltd}
}

@ARTICLE{martin2012visual,
  author = {Martin, Graham R and Portugal, Steven J and Murn, Campbell P},
  title = {Visual fields, foraging and collision vulnerability in Gyps vultures},
  journal = {Ibis},
  year = {2012},
  volume = {154},
  pages = {626--631},
  number = {3},
  publisher = {Wiley Online Library}
}

@ARTICLE{mcnamara2010information,
  author = {McNamara, John M and Dall, Sasha RX},
  title = {Information is a fitness enhancing resource},
  journal = {Oikos},
  year = {2010},
  volume = {119},
  pages = {231--236},
  number = {2},
  publisher = {Wiley Online Library}
}

@ARTICLE{mills1984comparative,
  author = {Mills, MG},
  title = {The comparative behavioural ecology of the brown hyaena \textit{Hyaena
	brunnea} and the spotted hyaena \textit{Crocuta crocuta} in the southern
	Kalahari},
  journal = {Koedoe},
  year = {1984},
  volume = {27},
  pages = {237--247},
  number = {2}
}

@ARTICLE{mohr1947table,
  author = {Mohr, Carl O},
  title = {Table of equivalent populations of North American small mammals},
  journal = {American midland naturalist},
  year = {1947},
  volume = {37},
  pages = {223--249},
  number = {1},
  publisher = {JSTOR}
}

@ARTICLE{moleon2014inter,
  author = {Mole{\'o}n, Marcos and S{\'a}nchez-Zapata, Jos{\'e} A and Selva,
	Nuria and Don{\'a}zar, Jos{\'e} A and Owen-Smith, Norman},
  title = {Inter-specific interactions linking predation and scavenging in terrestrial
	vertebrate assemblages},
  journal = {Biological Reviews},
  year = {2014},
  publisher = {Wiley Online Library}
}

@ARTICLE{monadjem2003nesting,
  author = {Monadjem, A},
  title = {Nesting distribution and status of vultures in Swaziland},
  journal = {Vulture News},
  year = {2003},
  volume = {48},
  pages = {12--19}
}

@INPROCEEDINGS{monadjem2004vultures,
  author = {Monadjem, A and Anderson, MD and Piper, SE and Boshoff, AF},
  title = {The vultures of southern Africa--quo vadis},
  booktitle = {Proceedings of a workshop on vulture research and conservation in
	southern Africa. Birds of Prey Working Group. Endangered Wildlife
	Trust. Johannesburg},
  year = {2004}
}

@ARTICLE{monadjem2013survival,
  author = {Monadjem, Ara and Botha, Andre and Murn, Campbell},
  title = {Survival of the African white-backed vulture \textit{Gyps africanus}
	in north-eastern South Africa},
  journal = {African Journal of Ecology},
  year = {2013},
  volume = {51},
  pages = {87--93},
  number = {1},
  publisher = {Wiley Online Library}
}

@BOOK{monadjem2003threatened,
  title = {Threatened vertebrates of Swaziland: Swaziland red data book: fishes,
	amphibians, reptiles, birds and mammals},
  publisher = {Ministry of Tourism, Environment and Communications},
  year = {2003},
  author = {Monadjem, Ara and Boycott, R and Parker, V and Culverwell, J}
}

@ARTICLE{monadjem2005nesting,
  author = {Monadjem, Ara and Garcelon, David K},
  title = {Nesting distribution of vultures in relation to land use in Swaziland},
  journal = {Biodiversity \& Conservation},
  year = {2005},
  volume = {14},
  pages = {2079--2093},
  number = {9},
  publisher = {Springer}
}

@ARTICLE{monadjem2012survival,
  author = {Monadjem, Ara and Kane, Adam and Botha, Andre and Dalton, Desire
	and Kotze, Antoinette},
  title = {Survival and population dynamics of the marabou stork in an isolated
	population, Swaziland},
  journal = {PLOS ONE},
  year = {2012},
  volume = {7},
  pages = {e46434},
  number = {9},
  publisher = {Public Library of Science}
}

@ARTICLE{monadjem2014effect,
  author = {Monadjem, Ara and Wolter, Kerri and Neser, Walter and Kane, Adam},
  title = {Effect of rehabilitation on survival rates of endangered Cape vultures},
  journal = {Animal Conservation},
  year = {2014},
  volume = {17},
  pages = {52--60},
  number = {1},
  publisher = {Wiley Online Library}
}

@ARTICLE{monsarrat2013predictability,
  author = {Monsarrat, Sophie and Benhamou, Simon and Sarrazin, Fran{\c{c}}ois
	and Bessa-Gomes, Carmen and Bouten, Willem and Duriez, Olivier},
  title = {How predictability of feeding patches affects home range and foraging
	habitat selection in avian social scavengers?},
  journal = {PLOS ONE},
  year = {2013},
  volume = {8},
  pages = {e53077},
  number = {1},
  publisher = {Public Library of Science}
}

@ARTICLE{morand2010learning,
  author = {Morand-Ferron, Julie and Giraldeau, Luc-Alain},
  title = {Learning behaviorally stable solutions to producer--scrounger games},
  journal = {Behavioral Ecology},
  year = {2010},
  volume = {21},
  pages = {343--348},
  number = {2},
  publisher = {ISBE}
}

@BOOK{mundy1992vultures,
  title = {The vultures of Africa},
  publisher = {Academic Press London},
  year = {1992},
  author = {Mundy, Peter J and Butchart, Duncan and Ledger, J and Piper, S}
}

@BOOK{mundy1982comparative,
  title = {The comparative biology of southern African vultures},
  publisher = {Vulture Study Group Johannesburg},
  year = {1982},
  author = {Mundy, Peter J and Vulture Study Group},
  volume = {1}
}

@ARTICLE{nathan2012using,
  author = {Nathan, Ran and Spiegel, Orr and Fortmann-Roe, Scott and Harel, Roi
	and Wikelski, Martin and Getz, Wayne M},
  title = {Using tri-axial acceleration data to identify behavioral modes of
	free-ranging animals: general concepts and tools illustrated for
	griffon vultures},
  journal = {The Journal of Experimental Biology},
  year = {2012},
  volume = {215},
  pages = {986--996},
  number = {6},
  publisher = {The Company of Biologists Ltd}
}

@ARTICLE{nesbitt1990home,
  author = {Nesbitt, Stephen A and Williams, Kathleen S},
  title = {Home range and habitat use of Florida sandhill cranes},
  journal = {The Journal of Wildlife Management},
  year = {1990},
  volume = {54},
  pages = {92--96},
  number = {1},
  publisher = {JSTOR}
}

@ARTICLE{norgaard1989case,
  author = {Norgaard, Richard B},
  title = {The case for methodological pluralism},
  journal = {Ecological Economics},
  year = {1989},
  volume = {1},
  pages = {37--57},
  number = {1},
  publisher = {Elsevier}
}

@ARTICLE{novoa2006home,
  author = {Novoa, Claude and Dumas, Samuel and Resseguier, Jean},
  title = {Home-range size of Pyrenean grey partridges \textit{Perdix perdix
	hispaniensis} during the breeding season},
  journal = {Wildlife Biology},
  year = {2006},
  volume = {12},
  pages = {11--18},
  number = {1},
  publisher = {BioOne}
}

@ARTICLE{oaks2004diclofenac,
  author = {Oaks, J Lindsay and Gilbert, Martin and Virani, Munir Z and Watson,
	Richard T and Meteyer, Carol U and Rideout, Bruce A and Shivaprasad,
	HL and Ahmed, Shakeel and Chaudhry, Muhammad Jamshed Iqbal and Arshad,
	Muhammad and Mahmood, S and Ali A and Khan A},
  title = {Diclofenac residues as the cause of vulture population decline in
	Pakistan},
  journal = {Nature},
  year = {2004},
  volume = {427},
  pages = {630--633},
  number = {6975},
  publisher = {Nature Publishing Group}
}

@ARTICLE{ogada2012effects,
  author = {Ogada, DL and Torchin, ME and Kinnaird, MF and Ezenwa, VO},
  title = {Effects of vulture declines on facultative scavengers and potential
	implications for mammalian disease transmission},
  journal = {Conservation biology},
  year = {2012},
  volume = {26},
  pages = {453--460},
  number = {3},
  publisher = {Wiley Online Library}
}

@ARTICLE{ogada2010decline,
  author = {Ogada, Darcy L and Keesing, Felicia},
  title = {Decline of raptors over a three-year period in Laikipia, central
	Kenya},
  journal = {Journal of Raptor Research},
  year = {2010},
  volume = {44},
  pages = {129--135},
  number = {2},
  publisher = {BioOne}
}

@ARTICLE{ogada2012dropping,
  author = {Ogada, Darcy L and Keesing, Felicia and Virani, Munir Z},
  title = {Dropping dead: causes and consequences of vulture population declines
	worldwide},
  journal = {Annals of the New York Academy of Sciences},
  year = {2012},
  volume = {1249},
  pages = {57--71},
  number = {1},
  publisher = {Wiley Online Library}
}

@ARTICLE{oro2008testing,
  author = {Oro, Daniel and Margalida, Antoni and Carrete, Martina and Heredia,
	Rafael and Don{\'a}zar, Jos{\'e} Antonio},
  title = {Testing the goodness of supplementary feeding to enhance population
	viability in an endangered vulture},
  journal = {PLOS ONE},
  year = {2008},
  volume = {3},
  pages = {e4084},
  number = {12},
  publisher = {Public Library of Science}
}

@ARTICLE{peery2000factors,
  author = {Peery, M Zachariah},
  title = {Factors affecting interspecies variation in home-range size of raptors},
  journal = {The Auk},
  year = {2000},
  volume = {117},
  pages = {511--517},
  number = {2},
  publisher = {BioOne}
}

@ARTICLE{pejchar2005hawaiian,
  author = {Pejchar, Liba and Holl, Karen D and Lockwood, Julie L},
  title = {Hawaiian honeycreeper home range size varies with habitat: implications
	for native Acacia koa forestry},
  journal = {Ecological Applications},
  year = {2005},
  volume = {15},
  pages = {1053--1061},
  number = {3},
  publisher = {Eco Soc America}
}

@ARTICLE{pennycuick1976breeding,
  author = {Pennycuick, CJ},
  title = {Breeding of the lappet-faced and white-headed vultures (\textit{Torgos
	tracheliotus Forster} and \textit{Trigonoceps occipitalis Burchell})
	on the Serengeti Plains, Tanzania},
  journal = {African Journal of Ecology},
  year = {1976},
  volume = {14},
  pages = {67--84},
  number = {1},
  publisher = {Wiley Online Library}
}

@ARTICLE{pennycuick1972soaring,
  author = {Pennycuick, CJ},
  title = {Soaring behaviour and performance of some East African birds, observed
	from a motor-glider},
  journal = {Ibis},
  year = {1972},
  volume = {114},
  pages = {178--218},
  number = {2},
  publisher = {Wiley Online Library}
}

@ARTICLE{phipps2013foraging,
  author = {Phipps, W Louis and Willis, Stephen G and Wolter, Kerri and Naidoo,
	Vinny},
  title = {Foraging ranges of immature African white-backed vultures (\textit{Gyps
	africanus}) and their use of protected areas in southern Africa},
  journal = {PLOS ONE},
  year = {2013},
  volume = {8},
  pages = {e52813},
  number = {1},
  publisher = {Public Library of Science}
}

@ARTICLE{phipps2013power,
  author = {Phipps, W Louis and Wolter, Kerri and Michael, Michael D and MacTavish,
	Lynne M and Yarnell, Richard W},
  title = {Do Power Lines and Protected Areas Present a Catch-22 Situation for
	Cape Vultures (\textit{Gyps coprotheres})?},
  journal = {PLOS ONE},
  year = {2013},
  volume = {8},
  pages = {e76794},
  number = {10},
  publisher = {Public Library of Science}
}

@ARTICLE{piper2005supplementary,
  author = {Piper, Steven E},
  title = {Supplementary feeding programmes: how necessary are they for the
	maintenance of numerous and healthy vulture populations},
  journal = {Conservation and Management of Vulture Populations. Thessaloniki,
	Greece},
  year = {2005},
  pages = {41--50}
}

@ARTICLE{piper1999modelling,
  author = {Piper, Steven E and Boshoff, Andr{\'e} F and Scott, H Ann},
  title = {Modelling survival rates in the Cape Griffon \textit{Gyps coprotheres},
	with emphasis on the effects of supplementary feeding},
  journal = {Bird Study},
  year = {1999},
  volume = {46},
  pages = {S230--S238},
  number = {S1},
  publisher = {Taylor \& Francis}
}

@ARTICLE{platt2006food,
  author = {Platt, Steven G and Rainwater, Thomas R and Finger, Adam G and Thorbjarnarson,
	John B and Anderson, Todd A and McMurry, Scott T},
  title = {Food habits, ontogenetic dietary partitioning and observations of
	foraging behaviour of Morelet's crocodile (\textit{Crocodylus moreletii})
	in northern Belize},
  journal = {The Herpetological Journal},
  year = {2006},
  volume = {16},
  pages = {281--290},
  number = {3},
  publisher = {British Herpetological Society}
}

@ARTICLE{pontzer2009biomechanics,
  author = {Pontzer, Herman and Allen, Vivian and Hutchinson, John R},
  title = {Biomechanics of running indicates endothermy in bipedal dinosaurs},
  journal = {PLOS ONE},
  year = {2009},
  volume = {4},
  pages = {e7783},
  number = {11},
  publisher = {Public Library of Science}
}

@ARTICLE{prange1979scaling,
  author = {Prange, Henry D and Anderson, John F and Rahn, Hermann},
  title = {Scaling of skeletal mass to body mass in birds and mammals},
  journal = {American Naturalist},
  year = {1979},
  volume = {113},
  pages = {103--122},
  number = {1},
  publisher = {JSTOR}
}

@ARTICLE{radke1991monographie,
  author = {Radke, R},
  title = {Monographie des warzenschweines (\textit{Phacochoerus aethiopicus})},
  journal = {Bongo Berlin},
  year = {1991},
  volume = {18},
  pages = {119--134}
}

@ARTICLE{rayfield2001cranial,
  author = {Rayfield, Emily J and Norman, David B and Horner, Celeste C and Horner,
	John R and Smith, Paula May and Thomason, Jeffrey J and Upchurch,
	Paul},
  title = {Cranial design and function in a large theropod dinosaur},
  journal = {Nature},
  year = {2001},
  volume = {409},
  pages = {1033--1037},
  number = {6823},
  publisher = {Nature Publishing Group}
}

@MANUAL{RCran,
  title = {R: A Language and Environment for Statistical Computing},
  author = {{R Core Team}},
  organization = {R Foundation for Statistical Computing},
  address = {Vienna, Austria},
  year = {2014},
  url = {http://www.R-project.org}
}

@ARTICLE{rhim2006home,
  author = {Rhim, Shin-Jae},
  title = {Home range and habitat selection of hazel grouse \textit{Bonasa bonasia}
	in a temperate forest of South Korea},
  journal = {Forest ecology and management},
  year = {2006},
  volume = {226},
  pages = {22--25},
  number = {1},
  publisher = {Elsevier}
}

@ARTICLE{robb2008food,
  author = {Robb, Gillian N and McDonald, Robbie A and Chamberlain, Dan E and
	Bearhop, Stuart},
  title = {Food for thought: supplementary feeding as a driver of ecological
	change in avian populations},
  journal = {Frontiers in Ecology and the Environment},
  year = {2008},
  volume = {6},
  pages = {476--484},
  number = {9},
  publisher = {Eco Soc America}
}

@ARTICLE{robertson1986feeding,
  author = {Robertson, AS and Boshoff, AF},
  title = {The feeding ecology of cape vultures \textit{Gyps coprotheres} in
	a stock-farming area},
  journal = {Biological Conservation},
  year = {1986},
  volume = {35},
  pages = {63--86},
  number = {1},
  publisher = {Elsevier}
}

@ARTICLE{rolando1998factors,
  author = {Rolando, Antonio},
  title = {Factors affecting movements and home ranges in the jay (\textit{Garrulus
	glandarius})},
  journal = {Journal of Zoology},
  year = {1998},
  volume = {246},
  pages = {249--257},
  number = {03},
  publisher = {Cambridge Univ Press}
}

@ARTICLE{ruxton2002modelling,
  author = {Ruxton, GD and Houston, DC},
  title = {Modelling the energy budget of a colonial bird of prey, the Ruppell's
	griffon vulture, and consequences for its breeding ecology},
  journal = {African Journal of Ecology},
  year = {2002},
  volume = {40},
  pages = {260--266},
  number = {3},
  publisher = {Wiley Online Library}
}

@ARTICLE{ruxton2005searching,
  author = {Ruxton, Graeme D and Bailey, David M},
  title = {Searching speeds and the energetic feasibility of an obligate whale-scavenging
	fish},
  journal = {Deep Sea Research Part I: Oceanographic Research Papers},
  year = {2005},
  volume = {52},
  pages = {1536--1541},
  number = {8},
  publisher = {Elsevier}
}

@ARTICLE{ruxton2004energetic,
  author = {Ruxton, Graeme D and Houston, David C},
  title = {Energetic feasibility of an obligate marine scavenger},
  journal = {Marine ecology. Progress series},
  year = {2004},
  volume = {266},
  pages = {59--63},
  publisher = {Inter-Research}
}

@ARTICLE{ruxton2004obligate,
  author = {Ruxton, Graeme D and Houston, David C},
  title = {Obligate vertebrate scavengers must be large soaring fliers},
  journal = {Journal of Theoretical Biology},
  year = {2004},
  volume = {228},
  pages = {431--436},
  number = {3},
  publisher = {Elsevier}
}

@ARTICLE{ruxton2003could,
  author = {Ruxton, Graeme D and Houston, David C},
  title = {Could \textit{Tyrannosaurus rex} have been a scavenger rather than
	a predator? An energetics approach},
  journal = {Proceedings of the Royal Society of London. Series B: Biological
	Sciences},
  year = {2003},
  volume = {270},
  pages = {731--733},
  number = {1516},
  publisher = {The Royal Society}
}

@ARTICLE{ruxton2013endurance,
  author = {Ruxton, Graeme D and Wilkinson, David M},
  title = {Endurance running and its relevance to scavenging by early Hominins},
  journal = {Evolution},
  year = {2013},
  volume = {67},
  pages = {861--867},
  number = {3},
  publisher = {Wiley Online Library}
}

@ARTICLE{ruxton2014fruit,
  author = {Ruxton, Graeme D and Wilkinson, David M and Schaefer, H Martin and
	Sherratt, Thomas N},
  title = {Why fruit rots: theoretical support for Janzen's theory of microbe--macrobe
	competition},
  journal = {Proceedings of the Royal Society B: Biological Sciences},
  year = {2014},
  volume = {281},
  pages = {20133320},
  number = {1782},
  publisher = {The Royal Society}
}

@ARTICLE{schmidt2010ecology,
  author = {Schmidt, Kenneth A and Dall, Sasha RX and Van Gils, Jan A},
  title = {The ecology of information: an overview on the ecological significance
	of making informed decisions},
  journal = {Oikos},
  year = {2010},
  volume = {119},
  pages = {304--316},
  number = {2},
  publisher = {Wiley Online Library}
}

@ARTICLE{schubert2005wear,
  author = {Schubert, Blaine W and Ungar, Peter S},
  title = {Wear facets and enamel spalling in tyrannosaurid dinosaurs},
  journal = {Acta Palaeontologica Polonica},
  year = {2005},
  volume = {50},
  pages = {93--99},
  number = {1},
  publisher = {-}
}

@ARTICLE{sekercioglu2006increasing,
  author = {Sekercioglu, Cagan H},
  title = {Increasing awareness of avian ecological function},
  journal = {Trends in Ecology \& Evolution},
  year = {2006},
  volume = {21},
  pages = {464--471},
  number = {8},
  publisher = {Elsevier}
}

@ARTICLE{selva2007nested,
  author = {Selva, Nuria and Fortuna, Miguel A},
  title = {The nested structure of a scavenger community},
  journal = {Proceedings of the Royal Society B: Biological Sciences},
  year = {2007},
  volume = {274},
  pages = {1101--1108},
  number = {1613},
  publisher = {The Royal Society}
}

@ARTICLE{seppanen2007interspecific,
  author = {Sepp{\"a}nen, Janne-Tuomas and Forsman, Jukka T},
  title = {Interspecific social learning: novel preference can be acquired from
	a competing species},
  journal = {Current Biology},
  year = {2007},
  volume = {17},
  pages = {1248--1252},
  number = {14},
  publisher = {Elsevier}
}

@ARTICLE{seppanen2007social,
  author = {Sepp{\"a}nen, Janne-Tuomas and Forsman, Jukka T and M{\"o}nkk{\"o}nen,
	Mikko and Thomson, Robert L},
  title = {Social information use is a process across time, space, and ecology,
	reaching heterospecifics},
  journal = {Ecology},
  year = {2007},
  volume = {88},
  pages = {1622--1633},
  number = {7},
  publisher = {Eco Soc America}
}

@ARTICLE{silvertown2009new,
  author = {Silvertown, Jonathan},
  title = {A new dawn for citizen science},
  journal = {Trends in Ecology \& Evolution},
  year = {2009},
  volume = {24},
  pages = {467--471},
  number = {9},
  publisher = {Elsevier}
}

@BOOK{sinclair1995serengeti,
  title = {Serengeti: dynamics of an ecosystem},
  publisher = {University of Chicago Press},
  year = {1995},
  author = {Sinclair, Anthony Ronald Entrican and Norton-Griffiths, Michael}
}

@ARTICLE{slocombe1993implementing,
  author = {Slocombe, D Scott},
  title = {Implementing ecosystem-based management},
  journal = {BioScience},
  year = {1993},
  volume = {43},
  pages = {612--622},
  number = {9},
  publisher = {JSTOR}
}

@ARTICLE{spiegel2013factors,
  author = {Spiegel, Orr and Getz, Wayne M and Nathan, Ran},
  title = {Factors influencing foraging search efficiency: why do scarce lappet-faced
	vultures outperform ubiquitous white-backed vultures?},
  journal = {The American Naturalist},
  year = {2013},
  volume = {181},
  pages = {E102--E115},
  number = {5},
  publisher = {JSTOR}
}

@ARTICLE{spiegel2013mixed,
  author = {Spiegel, Orr and Harel, Roi and Getz, W and Nathan, Ran},
  title = {Mixed strategies of griffon vultures’(\textit{Gyps fulvus}) response
	to food deprivation lead to a hump-shaped movement pattern},
  journal = {Movement ecology},
  year = {2013},
  volume = {1},
  number = {5},
  publisher = {BioMed Central Ltd}
}

@ARTICLE{springborn2005home,
  author = {Springborn, Elizabeth G and Meyers, J Michael},
  title = {Home range and survival of breeding painted buntings on Sapelo Island,
	Georgia},
  journal = {Wildlife Society Bulletin},
  year = {2005},
  volume = {33},
  pages = {1432--1439},
  number = {4},
  publisher = {BioOne}
}

@ARTICLE{steyn1980breeding,
  author = {Steyn, Peter},
  title = {Breeding and food of the bateleur in Zimbabwe (Rhodesia)},
  journal = {Ostrich},
  year = {1980},
  volume = {51},
  pages = {168--178},
  number = {3},
  publisher = {Taylor \& Francis}
}

@ARTICLE{stober2006variation,
  author = {Stober, Jonathan M and Krementz, David G},
  title = {Variation in Bachman's Sparrow home-range size at the Savannah River
	site, South Carolina},
  journal = {The Wilson Journal of Ornithology},
  year = {2006},
  volume = {118},
  pages = {138--144},
  number = {2},
  publisher = {BioOne}
}

@ARTICLE{stroem2001home,
  author = {Stroem, Hallvard and Sonerud, Geir},
  title = {Home range and habitat selection in the Pygmy Owl \textit{Glaucidium
	passerinum}},
  journal = {Ornis Fennica},
  year = {2001},
  volume = {78},
  pages = {145--158},
  number = {4}
}

@ARTICLE{sumpter2008information,
  author = {Sumpter, David and Buhl, Jerome and Biro, Dora and Couzin, Iain},
  title = {Information transfer in moving animal groups},
  journal = {Theory in Biosciences},
  year = {2008},
  volume = {127},
  pages = {177--186},
  number = {2},
  publisher = {Springer}
}

@INPROCEEDINGS{tisue2004netlogo,
  author = {Tisue, Seth and Wilensky, Uri},
  title = {Netlogo: A simple environment for modeling complexity},
  booktitle = {International Conference on Complex Systems},
  year = {2004},
  pages = {16--21}
}

@ARTICLE{tomkiewicz2010global,
  author = {Tomkiewicz, Stanley M and Fuller, Mark R and Kie, John G and Bates,
	Kirk K},
  title = {Global positioning system and associated technologies in animal behaviour
	and ecological research},
  journal = {Philosophical Transactions of the Royal Society B: Biological Sciences},
  year = {2010},
  volume = {365},
  pages = {2163--2176},
  number = {1550},
  publisher = {The Royal Society}
}

@ARTICLE{tucker1988gliding,
  author = {Tukcer, Vance A},
  title = {Gliding birds: descending flight of the whitebacked vulture, \textit{Gyps
	africanus}},
  journal = {Journal of Experimental Biology},
  year = {1988},
  volume = {140},
  pages = {325--344},
  number = {1},
  publisher = {The Company of Biologists Ltd}
}

@ARTICLE{vasilakis2005breeding,
  author = {Vasilakis, Dimitris and Poirazidis, Konstantinos and Elorriaga, Javier},
  title = {Breeding season range use of a Eurasian Black Vulture \textit{Aegypius
	monachus} population in Dadia National Park and the adjacent areas,
	Thrace, NE Greece},
  journal = {Conservation and Management of Vulture Populations},
  year = {2005},
  volume = {42},
  pages = {355-373}
}

@ARTICLE{vega2003home,
  author = {Vega Rivera, Jorge H and Ayala, Dalia and Haas, Carola A},
  title = {Home-range size, habitat use, and reproduction of the Ivory-billed
	Woodcreeper (\textit{Xiphorhynchus flavigaster}) in dry forest of
	western Mexico},
  journal = {Journal of Field Ornithology},
  year = {2003},
  volume = {74},
  pages = {141--151},
  number = {2},
  publisher = {BioOne}
}

@ARTICLE{vickery1991producers,
  author = {Vickery, William L and Giraldeau, Luc-Alain and Templeton, Jennifer
	J and Kramer, Donald L and Chapman, Colin A},
  title = {Producers, scroungers, and group foraging},
  journal = {American Naturalist},
  year = {1991},
  pages = {847--863},
  publisher = {JSTOR}
}

@ARTICLE{virani2011major,
  author = {Virani, Munir Z and Kendall, Corinne and Njoroge, Peter and Thomsett,
	Simon},
  title = {Major declines in the abundance of vultures and other scavenging
	raptors in and around the Masai Mara ecosystem, Kenya},
  journal = {Biological Conservation},
  year = {2011},
  volume = {144},
  pages = {746--752},
  number = {2},
  publisher = {Elsevier}
}

@BOOK{weinstein2012sustainability,
  title = {Sustainability Science: The Emerging Paradigm and the Urban Environment},
  publisher = {Springer},
  year = {2012},
  author = {Weinstein, Michael P and Turner, R Eugene}
}

@BOOK{weishampel2004dinosauria,
  title = {The dinosauria},
  publisher = {University of California Press},
  year = {2004},
  author = {Weishampel, David B and Dodson, Peter and Osm{\'o}lska, Halszka}
}

@ARTICLE{wilson2011scavenging,
  author = {Wilson, Erin E and Wolkovich, Elizabeth M},
  title = {Scavenging: how carnivores and carrion structure communities},
  journal = {Trends in Ecology \& Evolution},
  year = {2011},
  volume = {26},
  pages = {129--135},
  number = {3},
  publisher = {Elsevier}
}

@ARTICLE{winemiller1989ontogenetic,
  author = {Winemiller, Kirk O},
  title = {Ontogenetic diet shifts and resource partitioning among piscivorous
	fishes in the Venezuelan ilanos},
  journal = {Environmental Biology of Fishes},
  year = {1989},
  volume = {26},
  pages = {177--199},
  number = {3},
  publisher = {Springer}
}

@ARTICLE{witmer2009new,
  author = {Witmer, Lawrence M and Ridgely, Ryan C},
  title = {New insights into the brain, braincase, and ear region of tyrannosaurs
	(Dinosauria, Theropoda), with implications for sensory organization
	and behavior},
  journal = {The Anatomical Record},
  year = {2009},
  volume = {292},
  pages = {1266--1296},
  number = {9},
  publisher = {Wiley Online Library}
}

@ARTICLE{woodward2002body,
  author = {Woodward, Guy and Hildrew, Alan G},
  title = {Body-size determinants of niche overlap and intraguild predation
	within a complex food web},
  journal = {Journal of Animal Ecology},
  year = {2002},
  volume = {71},
  pages = {1063--1074},
  number = {6},
  publisher = {Wiley Online Library}
}

@ARTICLE{worton1989kernel,
  author = {Worton, Brian J},
  title = {Kernel methods for estimating the utilization distribution in home-range
	studies},
  journal = {Ecology},
  year = {1989},
  volume = {70},
  pages = {164--168},
  number = {1},
  publisher = {Eco Soc America}
}

@ARTICLE{xirouchakis2007seasonal,
  author = {Xirouchakis, Stavros M},
  title = {Seasonal and daily activity pattern in Griffon Vulture (\textit{Gyps
	fulvus}) colonies on the island of Crete (Greece)},
  journal = {Ornis Fennica},
  year = {2007},
  volume = {84},
  pages = {39},
  number = {1},
  publisher = {Finnish Ornithological Society}
}

@ARTICLE{xirouchakis2009foraging,
  author = {Xirouchakis, Stavros M and Andreou, Giorgos},
  title = {Foraging behaviour and flight characteristics of Eurasian griffons
	\textit{Gyps fulvus} in the island of Crete, Greece},
  journal = {Wildlife Biology},
  year = {2009},
  volume = {15},
  pages = {37--52},
  number = {1},
  publisher = {BioOne}
}

@ARTICLE{zuberogoitia2010reduced,
  author = {Zuberogoitia, I{\~n}igo and Mart{\'\i}nez, Jos{\'e} E and Margalida,
	Antoni and G{\'o}mez, Imanol and Azkona, Ainara and Mart{\'\i}nez,
	Jos{\'e} Antonio},
  title = {Reduced food availability induces behavioural changes in Griffon
	Vulture \textit{Gyps fulvus}},
  journal = {Ornis Fennica},
  year = {2010},
  volume = {87},
  pages = {52--60}
}

@article {COBI:COBI12271,
author = {Margalida, Antoni and S{\'a}nchez-Zapata, Jos{\'e} A. and Blanco, Guillermo and Hiraldo, Fernando and Don{\'a}zar, Jos{\'e} A.},
title = {Diclofenac Approval as a Threat to Spanish Vultures},
journal = {Conservation Biology},
volume = {28},
number = {3},
issn = {1523-1739},
pages = {631--632},
year = {2014},
}

@article {JPE:JPE12261,
author = {Pettorelli, Nathalie and Laurance, William F. and O'Brien, Timothy G. and Wegmann, Martin and Nagendra, Harini and Turner, Woody},
title = {Satellite remote sensing for applied ecologists: opportunities and challenges},
journal = {Journal of Applied Ecology},
volume = {51},
number = {4},
issn = {1365-2664},
pages = {839--848},
keywords = {biodiversity, Earth observations, environmental management, natural capital, sensor, technology, wildlife management},
year = {2014},
}


@article{komen1991energy,
  title={Energy requirements of nestling Cape Vultures},
  author={Komen, Joris},
  journal={Condor},
  volume = {93},
  pages={153--158},
  number = {1}
  year={1991},
  publisher={JSTOR}
}

@article{whittington2011monitoring,
  title={Monitoring of Cape Vulture (\textit{Gyps coprotheres}) breeding colonies in the Magaliesberg, South Africa: 2007-2009},
  author={Whittington-Jones, C and Wolter, K and West, S},
  journal={Vulture News},
  volume={60},
  number={1},
  pages={6--12},
  year={2011},
  publisher={IUCN Vulture Specialist Group}
}

@article{chin1998king,
  title={A king-sized theropod coprolite},
  author={Chin, Karen and Tokaryk, Timothy T and Erickson, Gregory M and Calk, Lewis C},
  journal={Nature},
  volume={393},
  number={6686},
  pages={680--682},
  year={1998},
  publisher={Nature Publishing Group}
}

@article{tucker1975energetic,
  title={The Energetic Cost of Moving About: Walking and running are extremely inefficient forms of locomotion. Much greater efficiency is achieved by birds, fish and bicyclists},
  author={Tucker, Vance A},
  journal={American Scientist},
  pages={413--419},
  volume = {63},
  year={1975},
  number = {4},
  publisher={JSTOR}
}

@article{witton2008reappraisal,
  title={A reappraisal of azhdarchid pterosaur functional morphology and paleoecology},
  author={Witton, Mark P and Naish, Darren},
  journal={PLOS ONE},
  volume={3},
  number={5},
  pages={e2271},
  year={2008},
  publisher={Public Library of Science}
}

@article{shepard2013daily,
  title={From daily movements to population distributions: weather affects competitive ability in a guild of soaring birds},
  author={Shepard, Emily LC and Lambertucci, Sergio A},
  journal={Journal of The Royal Society Interface},
  volume={10},
  number={88},
  pages={20130612},
  year={2013},
  publisher={The Royal Society}
}

@article{witton2010size,
  title={On the size and flight diversity of giant pterosaurs, the use of birds as pterosaur analogues and comments on pterosaur flightlessness},
  author={Witton, Mark P and Habib, Michael B},
  journal={PLOS ONE},
  volume={5},
  number={11},
  pages={e13982},
  year={2010},
  publisher={Public Library of Science}
}

@article{clark1992taxonomy,
  title={The taxonomy of Steppe and Tawny Eagles, with criteria for separation of museum specimens and live eagles},
  author={Clark, WS},
  journal={Bulletin of the British Ornithological Club},
  volume={112},
  pages={150--157},
  year={1992}
}

@book{carrier2010sharks,
  title={Sharks and their relatives II: biodiversity, adaptive physiology, and conservation},
  author={Carrier, Jeffrey C and Musick, John A and Heithaus, Michael R},
  year={2010},
  publisher={CRC Press}
}

@article{ruxton2014energetic,
  title={Energetic arguments predict larger-bodied animals will be increasingly confined to flat environments},
  author={Ruxton, Graeme D and Wilkinson, David M},
  journal={Journal of theoretical biology},
  year={2014},
  volume={335},
  pages={236--238},
  publisher={Elsevier}
}

@article{baral2013population,
  title={Population viability analysis of Critically Endangered white-rumped vultures Gyps bengalensis},
  author={Baral, Nabin and Nagy, Christopher and Crain, Benjamin J and Gautam, Ramji},
  journal={Endangered Species Research},
  volume={21},
  pages={65--76},
  year={2013}
}

@article {KaneVul,
  author = {Kane, Adam and Jackson, Andrew L. and Ogada, Darcy L. and Monadjem, Ara and McNally, Luke},
  title = {Vultures acquire information on carcass location from scavenging eagles},
  volume = {281},
  number = {1793},
  year = {2014},
  doi = {10.1098/rspb.2014.1072},
  publisher = {The Royal Society},
  isbn = {1471-2954},
  issn = {0962-8452},
  journal = {Proceedings of the Royal Society of London B: Biological Sciences}
}

@article{wakefield2013space,
  title={Space partitioning without territoriality in gannets},
  author={Wakefield, Ewan D and Bodey, Thomas W and Bearhop, Stuart and Blackburn, Jez and Colhoun, Kendrew and Davies, Rachel and Dwyer, Ross G and Green, Jonathan A and Gr{\'e}millet, David and Jackson, Andrew L and others},
  journal={Science},
  volume={341},
  number={6141},
  pages={68--70},
  year={2013},
  publisher={American Association for the Advancement of Science}
}

@article{kane2012suggestion,
  title={A suggestion on improving mathematically heavy papers},
  author={Kane, Adam},
  journal={Proceedings of the National Academy of Sciences of the United States of America},
  volume={109},
  number={45},
  pages={E3056},
  year={2012},
  publisher={National Academy of Sciences}
}

@article{shepard2013energy,
  title={Energy landscapes shape animal movement ecology},
  author={Shepard, Emily LC and Wilson, Rory P and Rees, W Gareth and Grundy, Edward and Lambertucci, Sergio A and Vosper, Simon B},
  journal={The American Naturalist},
  volume={182},
  number={3},
  pages={298--312},
  year={2013},
  publisher={JSTOR}
}

@article{mendelsohn2005observations,
title ={Observations on the movement of adult Cape Vultures in central Namibia},
author={Mendelsohn JM, and Brown CJ, and Mendelsohn M, and Diekmann M},
journal={Lanioturdus},
volume={38},
pages={16--20},
year={2005}
}
 

@inproceedings{perez2010mecosim,
  title={MeCoSim: A general purpose software tool for simulating biological phenomena by means of P Systems},
  author={P{\'e}rez-Hurtado, Ignacio and Valencia-Cabrera, Luis and P{\'e}rez-Jim{\'e}nez, Mario J and Colomer, Maria Angels and Riscos-Nú{\~n}ez, Agustin},
  booktitle={Bio-Inspired Computing: Theories and Applications (BIC-TA), 2010 IEEE Fifth International Conference on},
  pages={637--643},
  year={2010},
  organization={IEEE}
}